<?xml version="1.0" encoding="UTF-8"?><collection xmlns="http://www.loc.gov/MARC21/slim"><record><leader>00728nam--2200217-u-4500</leader><controlfield tag="001">000051213</controlfield><controlfield tag="002">20161230</controlfield><controlfield tag="005">20161230201049</controlfield><controlfield tag="008">080602s1000------------r-----000-0-eng-d</controlfield><datafield ind1=" " ind2=" " tag="020"><subfield code="a">0-471-25092-9</subfield></datafield><datafield ind1=" " ind2=" " tag="040"><subfield code="a">IFIN-HH</subfield></datafield><datafield ind1=" " ind2=" " tag="080"><subfield code="a">577.21</subfield></datafield><datafield ind1="1" ind2=" " tag="100"><subfield code="a">Ausubel, Frederick M</subfield></datafield><datafield ind1="1" ind2="0" tag="245"><subfield code="a">Short protocols in molecular biology</subfield><subfield code="b">A compendium of methods from current protocols in molecular biology</subfield><subfield code="c">F.m. ausubel, roger brent, robert e. kingston, davis d. moore, j.g. seudman, john a. smith, kevin struhl (eds.)</subfield></datafield><datafield ind1=" " ind2=" " tag="250"><subfield code="a">Fifth Edition</subfield></datafield><datafield ind1=" " ind2=" " tag="260"><subfield code="a">New York</subfield><subfield code="b">John Wiley And Sons, Inc</subfield><subfield code="c">2002</subfield></datafield><datafield ind1=" " ind2=" " tag="300"><subfield code="a">2 VOL</subfield></datafield><datafield ind1="1" ind2=" " tag="700"><subfield code="a">Struhl, Kevin</subfield><subfield code="e">Ed</subfield></datafield><datafield ind1="1" ind2=" " tag="787"><subfield code="a">Vol. 2</subfield></datafield><datafield ind1=" " ind2=" " tag="852"><subfield code="a">82086</subfield><subfield code="c">57</subfield></datafield><datafield ind1=" " ind2=" " tag="CAT"><subfield code="a">Sys</subfield><subfield code="c">20120702</subfield><subfield code="h">155613</subfield></datafield></record></collection>